@misc{kaise,
  author       = {Kaise},
  title        = {KBOX-S J6412},
  year         = {2025},
  howpublished = {\url{https://www.tempelgrouplatam.com}},
  note         = {Folleto publicado por TEMPEL GROUP},
}

@misc{pep8,
  title        = {PEP 8 – Style Guide for Python Code},
  author       = {Guido van Rossum and Barry Warsaw and Alyssa Coghlan},
  year         = 2001,
  note         = {Accedido: 04/03/2024 },
  howpublished = {\url{https://peps.python.org/pep-0008/}}
}

@misc{pep257,
  title        = {Python Enhancement Proposals 257 – Docstring Conventions},
  author       = {David Goodger and Guido van Rossum},
  year         = 2001,
  note         = {Accedido: 04/03/2024 },
  howpublished = {\url{https://peps.python.org/pep-0257/}}
}

@misc{flake8,
  title        = {Flake8: Your Tool For Style Guide Enforcement},
  author       = {Ian Stapleton Cordasco},
  note         = {Accedido: 05/03/2024 },
  howpublished = {\url{https://flake8.pycqa.org/en/latest/#}},
  year		 = {2016}
}

@misc{pylint,
  title        = {Pylint},
  author       = {Logilab and contributors to Pylint},
  year         = 2024,
  note         = {Accedido: 05/03/2024 },
  howpublished = {\url{https://pylint.readthedocs.io/en/stable/}}
}

@misc{black,
  title        = {The uncompromising code formatter},
  author       = {Łukasz Langa and contributors to Black},
  year         = 2018,
  note         = {Accedido: 05/03/2024 },
  howpublished = {\url{https://black.readthedocs.io/en/stable/}}
}

@misc{gitea,
  title        = {Gitea},
  author       = {CommitGo, Inc},
  year         = 2024,
  note         = {Accedido: 05/03/2024 },
  howpublished = {\url{https://https://about.gitea.com/}}
}

@misc{github_actions,
  title        = {Documentación de GitHub Actions},
  author       = "{GitHub Inc}",
  year         = 2024,
  note         = {Accedido: 25/03/2024 },
  howpublished = {\url{https://docs.github.com/es/actions}}
}

@misc{CL1F1201,
  title        = {Clipper Series Industrial Plastic Connector},
  author       = "{Souriau}",
  year         = 2024,
  note         = {Accedido: 4/04/2024 },
  howpublished = {\url{http://www.souriau-industrial.com/en/}}
}


@TechReport{EAMMRA_ingConceptual,
  author = {Patricio Bos and Mariano Cinquini and Igor Prario and Silvia Blanc},
  title  ="{EAMMRA: Ingeniería conceptual.}",
  year = {2016},
  institution = {DAS, DIIV},
  type={\uppercase{INF. TEC. AS 03/16}},
}

@TechReport{EAMMRA_diseno,
  author = {Horacio Ezcurra and Igor Prario and Patricio Bos and Mariano Cinquini and Silvia Blanc},
  title  ={Diseño de una boya prototipo para medición de Nivel de Ruido submarino en zona costera.},
  year = {2019},
  institution = {DAS, DIIV},
  type={\uppercase{INF. TEC. AS 01/19}},
}
	
@TechReport{EAMMRA_subsistemas,
  author = {Mariano Cinquini and Patricio Bos and Igor Prario and Rui Marques Rojo},
  title  = {Integración de subsistemas para el prototipo de EAMMRA.},
  year   = {2019},
  institution = {DAS, DIIV},
  type={\uppercase{INF. TEC. AS 02/19}},
}

@manual{WindSonicManual2019,
  title        = {WindSonic Ultrasonic Anemometer User Manual},
  author       = "{Gill Instruments Ltd}",
  organization = "{Gill Instruments Ltd}",
  year         = 2019,
  month        = jan,
  number       = "{Issue 26}",
  note         = {Doc No 1405-PS-0019},
}

@manual{IVS110,
  title = "IVS110-AL User manual",
  author = "{IEI Integration Corp.}",
  year = "2021",
  note = "{Rev. 1.02}",
  url = "https://www.ieiworld.com/en/product/model.php?II=585",
}

@manual{IEC60529,
  title = {{IEC 60529 Degrees of protection provided by enclosures (IP Code)}},
  Author = {IEC},
  Organization = "{International Electrotechnical Commission}",
  year = {2020},
  edition = {2.2},
  address = {Geneva, Switzerland},
  note = {Standard},
}

@manual{NMEA0183,
  title        = "{NMEA 0183 Standard for Interfacing Marine Electronic Devices}",
  Author       = "{NMEA}",
  organization = "{National Marine Electronics Association}",
  edition      = {Version 4.30}, 
  year         = {2023},
  note         = {Available from National Marine Electronics Association, \url{https://www.nmea.org/content/STANDARDS/NMEA_0183_Standard}},
}

@manual{MIL-DTL-16878-1B,
  title        = "{MIL-DTL-16878/1B: WIRE, ELECTRICAL, INSULATED, GENERAL SPECIFICATION FOR }",
  organization = "US Department of Defense",
  year         = 2012, 
  address      = "Washington, D.C.",
  note         = "Revision H:2012 Type B"
}

@manual{MIL-DTL-22520G,
  title        = "{MIL-DTL-22520/1: CRIMPING TOOLS, WIRE TERMINATION, GENERAL SPECIFICATION FOR}",
  organization = "US Department of Defense",
  year         = 1997, 
  address      = "Washington, D.C.",
  note         = "Revision G:1997"
}

@manual{AS22520/1B,
author="{SAE International}",
organization={AE-8C2 Terminating Devices and Tooling Committee},
title={CRIMPING TOOLS, TYPE I, TERMINAL, HAND, WIRE TERMINATION FOR WIRE BARREL SIZES 12 THROUGH 22 AND COAXIAL INNER CONTACTS},
month={mar},
year={2019},
doi={https://doi.org/10.4271/AS22520/1B},
url={https://doi.org/10.4271/AS22520/1B},
}


@manual{crimpTool,
  title        = {Adjustable Crimp Tool AF8 (M22520/1-01)},
  author       = "DMC",
  organization = "{Daniels Manufacturing Corp.}",
  year         = 2014,
  month        = November,
  number       = "{Rev. B}",
  note         = {\url{https://dmctools.com/af8}},
}

